@dataset{sebastian_garcia_2020_4743746,
  author       = {Sebastian Garcia and
                  Agustin Parmisano and
                  Maria Jose Erquiaga},
  title        = {{IoT-23: A labeled dataset with malicious and 
                   benign IoT network traffic}},
  month        = jan,
  year         = 2020,
  note         = {{More details here https://www.stratosphereips.org 
                   /datasets-iot23}},
  publisher    = {Zenodo},
  version      = {1.0.0},
  doi          = {10.5281/zenodo.4743746},
  url          = {https://doi.org/10.5281/zenodo.4743746}
}